%%%==============================================================================
%% Copyright 2025-present by Alceu Frigeri
%%
%% This work may be distributed and/or modified under the conditions of
%%
%% * The [LaTeX Project Public License](http://www.latex-project.org/lppl.txt) ,
%%   version 1.3c (or later) , and/or
%% * The [GNU Affero General Public License](https://www.gnu.org/licenses/agpl-3.0.html) ,
%%   version 3 (or later)
%%
%% This work has the LPPL maintenance status *maintained*.
%%
%% The Current Maintainer of this work is Alceu Frigeri
%%
%% This is version {1.0a} {2025/03/10}
%%
%% The list of files that compose this work can be found in the README.md file at
%% https://ctan.org/pkg/tikzcalendarnotes
%%
%%%==============================================================================
@manual{TIKZPGF:3.1,
	organization="Institut für Theoretische Informatik / Universität zu Lübeck",
	title="The TikZ and PGF Packages",
	author="Till Tantau and  Mark Wibrow and Christian Feuersänger",
	year="2023",
	pages="1321",
	url="http://mirrors.ctan.org/graphics/pgf/base/doc/pgfmanual.pdf",
	urldate="2025-03-10"
}

@manual{PGFPLOTS:1.18,
	title="The PGFPLOTS Package",
	author="Christian Feuersänger",
	year="2021",
	pages="573",
  url="http://mirrors.ctan.org/graphics/pgf/contrib/pgfplots/doc/pgfplots.pdf",
	urldate="2025-03-10"
}

@manual{gnuplot:5.4,
	title="gnuplot 5.4",
	author="Thomas Williams and Colin Kelley",
	year="2022",
	pages="316",
  url="https://gnuplot.sourceforge.net/docs_5.4/Gnuplot_5_4.pdf",
	urldate="2025-03-10"
}
